% use `texdoc biblatex` to get help
@www{kuwata2015estimating,
  title        = {Estimating crop yields with deep learning and remotely sensed data},
  author       = {Kuwata, Kentaro and Shibasaki, Ryosuke},
  booktitle    = {2015 IEEE International Geoscience and Remote Sensing Symposium (IGARSS)},
  pages        = {858--861},
  year         = {2015},
  organization = {IEEE}
}
@www{guan2017shared,
  title     = {The shared and unique values of optical, fluorescence, thermal and microwave satellite data for estimating large-scale crop yields},
  author    = {Guan, Kaiyu and Wu, Jin and Kimball, John S and Anderson, Martha C and Frolking, Steve and Li, Bo and Hain, Christopher R and Lobell, David B},
  journal   = {Remote sensing of environment},
  volume    = {199},
  pages     = {333--349},
  year      = {2017},
  publisher = {Elsevier}
}
@www{zhang2003monitoring,
  title     = {Monitoring vegetation phenology using MODIS},
  author    = {Zhang, Xiaoyang and Friedl, Mark A and Schaaf, Crystal B and Strahler, Alan H and Hodges, John CF and Gao, Feng and Reed, Bradley C and Huete, Alfredo},
  journal   = {Remote sensing of environment},
  volume    = {84},
  number    = {3},
  pages     = {471--475},
  year      = {2003},
  publisher = {Elsevier}
}
@www{claverie2013validation,
  title     = {Validation of coarse spatial resolution LAI and FAPAR time series over cropland in southwest France},
  author    = {Claverie, Martin and Vermote, Eric F and Weiss, Marie and Baret, Fr{\'e}d{\'e}ric and Hagolle, Olivier and Demarez, Val{\'e}rie},
  journal   = {Remote Sensing of Environment},
  volume    = {139},
  pages     = {216--230},
  year      = {2013},
  publisher = {Elsevier}
}
@www{shammi2021use,
  title     = {Use time series NDVI and EVI to develop dynamic crop growth metrics for yield modeling},
  author    = {Shammi, Sadia Alam and Meng, Qingmin},
  journal   = {Ecological Indicators},
  volume    = {121},
  pages     = {107124},
  year      = {2021},
  publisher = {Elsevier}
}
@www{sellers1987canopy,
  title     = {Canopy reflectance, photosynthesis, and transpiration, II. The role of biophysics in the linearity of their interdependence},
  author    = {Sellers, PJ},
  journal   = {Remote sensing of Environment},
  volume    = {21},
  number    = {2},
  pages     = {143--183},
  year      = {1987},
  publisher = {Elsevier}
}
@www{tucker1979red,
  title     = {Red and photographic infrared linear combinations for monitoring vegetation},
  author    = {Tucker, Compton J},
  journal   = {Remote sensing of Environment},
  volume    = {8},
  number    = {2},
  pages     = {127--150},
  year      = {1979},
  publisher = {Elsevier}
}
@www{shanahan2001use,
  title     = {Use of remote-sensing imagery to estimate corn grain yield},
  author    = {Shanahan, John F and Schepers, James S and Francis, Dennis D and Varvel, Gary E and Wilhelm, Wallace W and Tringe, James M and Schlemmer, Mike R and Major, David J},
  journal   = {Agronomy Journal},
  volume    = {93},
  number    = {3},
  pages     = {583--589},
  year      = {2001},
  publisher = {Wiley Online Library}
}
@www{son2014comparative,
  title     = {A comparative analysis of multitemporal MODIS EVI and NDVI data for large-scale rice yield estimation},
  author    = {Son, NT and Chen, CF and Chen, CR and Minh, VQ and Trung, NH},
  journal   = {Agricultural and forest meteorology},
  volume    = {197},
  pages     = {52--64},
  year      = {2014},
  publisher = {Elsevier}
}
@www{johnson2016crop,
  title     = {Crop yield forecasting on the Canadian Prairies by remotely sensed vegetation indices and machine learning methods},
  author    = {Johnson, Michael D and Hsieh, William W and Cannon, Alex J and Davidson, Andrew and B{\'e}dard, Fr{\'e}d{\'e}ric},
  journal   = {Agricultural and forest meteorology},
  volume    = {218},
  pages     = {74--84},
  year      = {2016},
  publisher = {Elsevier}
}
@www{you2017deep,
  title     = {Deep gaussian process for crop yield prediction based on remote sensing data},
  author    = {You, Jiaxuan and Li, Xiaocheng and Low, Melvin and Lobell, David and Ermon, Stefano},
  booktitle = {Thirty-First AAAI conference on artificial intelligence},
  year      = {2017}
}
@www{yang2019deep,
  title     = {Deep convolutional neural networks for rice grain yield estimation at the ripening stage using UAV-based remotely sensed images},
  author    = {Yang, Qi and Shi, Liangsheng and Han, Jinye and Zha, Yuanyuan and Zhu, Penghui},
  journal   = {Field Crops Research},
  volume    = {235},
  pages     = {142--153},
  year      = {2019},
  publisher = {Elsevier}
}
@www{sun2019county,
  title     = {County-level soybean yield prediction using deep CNN-LSTM model},
  author    = {Sun, Jie and Di, Liping and Sun, Ziheng and Shen, Yonglin and Lai, Zulong},
  journal   = {Sensors},
  volume    = {19},
  number    = {20},
  pages     = {4363},
  year      = {2019},
  publisher = {MDPI}
}
@www{qiao2021crop,
  title     = {Crop yield prediction from multi-spectral, multi-temporal remotely sensed imagery using recurrent 3D convolutional neural networks},
  author    = {Qiao, Mengjia and He, Xiaohui and Cheng, Xijie and Li, Panle and Luo, Haotian and Zhang, Lehan and Tian, Zhihui},
  journal   = {International Journal of Applied Earth Observation and Geoinformation},
  volume    = {102},
  pages     = {102436},
  year      = {2021},
  publisher = {Elsevier}
}
@www{huang2013remotely,
  title     = {Remotely sensed rice yield prediction using multi-temporal NDVI data derived from NOAA's-AVHRR},
  author    = {Huang, Jingfeng and Wang, Xiuzhen and Li, Xinxing and Tian, Hanqin and Pan, Zhuokun},
  journal   = {PloS one},
  volume    = {8},
  number    = {8},
  pages     = {e70816},
  year      = {2013},
  publisher = {Public Library of Science San Francisco, USA}
}
@www{NYJX201907026,
  title   = {基于随机森林回归的玉米单产估测},
  author={王鹏新 and 齐璇 and 李俐 and 王蕾 and 许连香},
  journal={农业机械学报},
  volume={50},
  number={7},
  pages={237--245},
  year={2019}
}
@www{van2020crop,
  title     = {Crop yield prediction using machine learning: A systematic literature review},
  author    = {Van Klompenburg, Thomas and Kassahun, Ayalew and Catal, Cagatay},
  journal   = {Computers and Electronics in Agriculture},
  volume    = {177},
  pages     = {105709},
  year      = {2020},
  publisher = {Elsevier}
}
@www{tikz,
  title  = {tikz宏包},
  author = {Till Tantau},
  year   = {2018},
  url    = {https://sourceforge.net/projects/pgf/}
}
@www{zjuthesis,
  title  = {浙江大学毕业设计/论文模板},
  author = {王子轩},
  year   = {2019},
  url    = {https://github.com/TheNetAdmin/zjuthesis}
}
@www{zjugradthesisrules,
  title  = {浙江大学研究生学位论文编写规则},
  author = {浙江大学研究生院},
  year   = {2008},
  url    = {http://grs.zju.edu.cn/redir.php?catalog_id=10038&object_id=12877}
}